% Encoding: UTF-8

@Misc{amazon,
  author = {Chris Velazco},
  title =  {Amazon Is Experimenting With Autonomous Flying Delivery Drones},
  month =  dec,
  year =   {2013}
}

@Misc{animalCounting,
  author = {Andrea Peterson},
  title =  {The Switch States are competing to be the Silicon Valley of drones},
  month =  aug,
  year =   {2013}
}

@Article{Dubins1957,
  author =    {Lester Eli Dubins},
  title =     {On Curves of Minimal Length with a Constraint on Average Curvature, and with Prescribed Initial and Terminal Positions and Tangents},
  journal =   {American Journal of Mathematics},
  year =      {1957},
  volume =    {79},
  number =    {3},
  pages =     {497-516},
  month =     jul,
  timestamp = {2015-12-30},
  url =       {http://www.jstor.org/stable/2372560?origin=crossref&seq=1#page_scan_tab_contents}
}

@Article{Faigl2013,
  author =  {Jan Faigl and Tomáš Krajník and Jan Chudoba and Martin Saska},
  title =   {Low-Cost Embedded System for Relative Localization in Robotic Swarms},
  journal = {Robotics and Automation (ICRA), 2013 IEEE International Conference on},
  year =    {2013},
  pages =   {993 - 998},
  month =   may
}

@Book{icao2011,
  title =     {Unmanned Aircraft Systems (UAS)},
  publisher = {International Civil Aviation Organization},
  year =      {2011},
  author =    {International Civil Aviation Organization},
  month =     apr
}

@Article{krajnik14JINT,
  author =  {Krajnik, T. and Nitsche, M. and Faigl, J. and Vanek, P. and Saska, M. and Preucil, L. and Duckett, T. and Mejail, M.},
  title =   {A Practical Multirobot Localization System},
  journal = {Journal of Intelligent \& Robotic Systems},
  year =    {2014},
  volume =  {76},
  number =  {3-4},
  pages =   {539-562},
  file =    {Tom_circle_JINT_2014.pdf:data/papers/Tom_circle_JINT_2014.pdf:PDF}
}

@TechReport{LaValle1998,
  author =      {Steven M. LaValle},
  title =       {Rapidly-Exploring Random Trees: A New Tool for Path Planning},
  institution = {Department of Computer Science, Iowa State University},
  year =        {1998},
  url =         {http://msl.cs.uiuc.edu/~lavalle/papers/Lav98c.pdf}
}

@Book{LaValle2006,
  title =     {Planning Algoritms},
  publisher = {Cambridge University Press},
  year =      {2006},
  author =    {Steven M. LaValle},
  url =       {http://planning.cs.uiuc.edu/}
}

@Misc{patent1989,
  author = {Roosevelt A. Fernandes},
  title =  {Monitoring system for power lines and right-of-way using remotely piloted drone.},
  month =  apr,
  year =   {1989},
  url =    {http://www.google.com/patents/US4818990}
}

@MastersThesis{petrlik2015,
  author = {Matěj Petrlík},
  title =  {Planning of swarm deployment for autonomous surveillance},
  school = {Czech technical university in Prague Faculty of Electrical Engineering Department of Cybernetics},
  year =   {2015},
  type =   {Bachelor's Thesis}
}

@Article{roadmaps1996,
  author =  {L. E. Kavraki and P. Svestka and J. C. Latombe and M. H. Overmars},
  title =   {Probabilistic roadmaps for path planning in high-dimensional configuration spaces},
  journal = {IEEE Transactions on Robotics and Automation},
  year =    {1996},
  volume =  {12},
  pages =   {566-580},
  month =   aug
}

@InProceedings{Saska12:198993,
  author =    {Saska, M. and Vonasek, V. and Krajnik, T. and Preucil, L.},
  title =     {{Coordination and Navigation of Heterogeneous UAVs-UGVs Teams Localized by a Hawk-Eye Approach}},
  booktitle = {{Proceedings of 2012 IEEE/RSJ International Conference on Intelligent Robots and Systems (IROS)}},
  year =      {2012},
  file =      {IROS-helMPC-joined.pdf:data/papers/IROS-helMPC-joined.pdf:PDF}
}

@InProceedings{Saska13:206002,
  author =    {Saska, M. and Krajnik, T. and Vonasek, V. and Vanek, P. and Preucil, L.},
  title =     {{Navigation, Localization and Stabilization of Formations of Unmanned Aerial and Ground Vehicles}},
  booktitle = {{Proceedings of 2013 International Conference on Unmanned Aircraft Systems (ICUAS)}},
  year =      {2013},
  file =      {icuas2013aFINAL-joined.pdf:data/papers/icuas2013aFINAL-joined.pdf:PDF}
}

@Article{Saska13:206004,
  author =  {Saska, M. and Mejia, J.S. and Stipanovic, D.M. and Vonasek, V. and Schilling, K. and Preucil, L.},
  title =   {{Control and Navigation in Manoeuvres of Formations of Unmanned Mobile Vehicles}},
  journal = {European Journal of Control},
  year =    {2013},
  volume =  {19},
  number =  {2},
  pages =   {157--171},
  month =   {March},
  file =    {European_Journal_control2013.pdf:data/papers/European_Journal_control2013.pdf:PDF}
}

@Article{Saska14:212936,
  author =  {Saska, M. and Krajnik, T. and Vonasek, V. and Kasl, Z. and Spurny, V. and Preucil, L.},
  title =   {{Fault-Tolerant Formation Driving Mechanism Designed for Heterogeneous MAVs-UGVs Groups}},
  journal = {Journal of Intelligent and Robotic Systems},
  year =    {2014},
  volume =  {73},
  number =  {1-4},
  pages =   {603--622},
  file =    {JINT14_failure.pdf:data/papers/JINT14_failure.pdf:PDF}
}

@Article{Saska14:218644,
  author =  {Saska, M. and Vonasek, V. and Krajnik, T. and Preucil, L.},
  title =   {{Coordination and Navigation of Heterogeneous MAV\&\#8211;UGV Formations Localized by a \&\#8216;hawk-eye\&\#8217;-like Approach Under a Model Predictive Control Scheme}},
  journal = {International Journal of Robotics Research},
  year =    {2014},
  volume =  {33},
  number =  {10},
  pages =   {1393--1412},
  file =    {IJRR2014.pdf:data/papers/IJRR2014.pdf:PDF}
}

@InProceedings{Saska14:219889,
  author =    {Saska, M. and Kasl, Z. and Preucil, L.},
  title =     {{Motion Planning and Control of Formations of Micro Aerial Vehicles}},
  booktitle = {{Proceedings of The 19th World Congress of the International Federation of Automatic Control (IFAC)}},
  year =      {2014},
  publisher = {IFAC},
  file =      {ifac2014-crop-joined.pdf:data/papers/ifac2014-crop-joined.pdf:PDF}
}

@InProceedings{Saska14:221382,
  author =    {Saska, M. and Vakula, J. and Preucil, L.},
  title =     {{Swarms of Micro Aerial Vehicles Stabilized Under a Visual Relative Localization}},
  booktitle = {{Proceedings of 2014 IEEE International Conference on Robotics and Automation (ICRA)}},
  year =      {2014},
  publisher = {IEEE},
  file =      {ICRA2014escape_short-joined.pdf:data/papers/ICRA2014escape_short-joined.pdf:PDF}
}

@InProceedings{Saska14:221385,
  author =    {Saska, M. and Chudoba, J. and Preucil, L. and Thomas, J. and Loianno, G. and Tresnak, A. and Vonasek, V. and Kumar, V.},
  title =     {{Autonomous Deployment of Swarms of Micro-Aerial Vehicles in Cooperative Surveillance}},
  booktitle = {{Proceedings of 2014 International Conference on Unmanned Aircraft Systems (ICUAS)}},
  year =      {2014},
  file =      {icuas2014-joined.pdf:data/papers/icuas2014-joined.pdf:PDF}
}

@InProceedings{Saska14:226686,
  author =    {Saska, M. and Langr, J. and Preucil, L.},
  title =     {{Plume Tracking by a Self-stabilized Group of Micro Aerial Vehicles}},
  booktitle = {{Modelling and Simulation for Autonomous Systems}},
  year =      {2014},
  file =      {MESAS2014Springer-crop-joined.pdf:data/papers/MESAS2014Springer-crop-joined.pdf:PDF}
}

@InProceedings{Saska15icuas,
  author =    {Saska, M.},
  title =     {{MAV-swarms: unmanned aerial vehicles stabilized along a given path using onboard relative localization}},
  booktitle = {{Proceedings of 2015 International Conference on Unmanned Aircraft Systems (ICUAS)}},
  year =      {2015},
  file =      {icuas2015.pdf:data/papers/icuas2015.pdf:PDF}
}

@InProceedings{Saska2015,
  author =    {Saska, M.},
  title =     {{MAV-swarms: unmanned aerial vehicles stabilized along a given path using onboard relative localization}},
  booktitle = {{Proceedings of 2015 International Conference on Unmanned Aircraft Systems (ICUAS)}},
  year =      {2015},
  file =      {icuas2015.pdf:data/papers/icuas2015.pdf:PDF}
}

@Article{SaskaAURO16,
  author =  {Saska, M. and Baca, T. and Thomas, J. and Chudoba, J. and Preucil, L. and Krajnik, T. and Faigl, J. and Loianno, G. and Kumar, V.},
  title =   {{System for deployment of groups of unmanned micro aerial vehicles in GPS-denied environments using onboard visual relative localization}},
  journal = {Autonomous Robots. First online.},
  year =    {2016},
  file =    {AURO2016.pdf:data/papers/AURO2016.pdf:PDF}
}

@Article{SaskaJINT2016,
  author =  {Saska, M. and Von{\'a}sek, V. and Chudoba, J. and Thomas, J. and Loianno, G. and Kumar, V.},
  title =   {Swarm Distribution and Deployment for Cooperative Surveillance by Micro-Aerial Vehicles},
  journal = {Journal of Intelligent \& Robotic Systems. First online.},
  year =    {2016},
  file =    {SaskaJINT2016.pdf:data/papers/SaskaJINT2016.pdf:PDF}
}

@Book{trianni2008evolutionary,
  title =     {Evolutionary Swarm Robotics: Evolving Self-Organising Behaviours in Groups of Autonomous Robots},
  publisher = {Springer Berlin Heidelberg},
  year =      {2008},
  author =    {Trianni, V.},
  series =    {Studies in Computational Intelligence},
  isbn =      {9783540776123},
  lccn =      {2008920258},
  url =       {https://books.google.cz/books?id=sg9rCQAAQBAJ}
}

@MastersThesis{Vana2015,
  author =    {Petr Váňa},
  title =     {Path Planning for Non-holonomic Vehicle in Surveillance Missions},
  school =    {Czech Technical University in Prague},
  year =      {2015},
  timestamp = {2015-12-30},
  url =       {https://dspace.cvut.cz/bitstream/handle/10467/61814/F3-DP-2015-Vana-Petr-thesis.pdf}
}

@Misc{vineyard,
  title = {Heard on the grapevine: drones to transform viticulture},
  month = jul,
  year =  {2015},
  url =   {https://droneapps.co/case-study-drones-to-transform-viticulture/}
}

@InProceedings{Vonasek09:158239,
  author =    {Vonasek, V. and Faigl, J. and Krajnik, T. and Preucil, L.},
  title =     {{RRT-Path: a guided Rapidly exploring Random Tree}},
  booktitle = {{Robot Motion and Control 2009}},
  year =      {2009},
  pages =     {307--316},
  address =   {Heidelberg},
  publisher = {Springer},
  file =      {romoco2009rrtpath.pdf:data/papers/romoco2009rrtpath.pdf:PDF},
  isbn =      {978-1-84882-984-8},
  issn =      {0302-9743},
  language =  {English}
}

@PhdThesis{Vonasek2015,
  author = {Vojtěch Vonásek},
  title =  {A guided approach to sampling-based motion planning},
  school = {Czech Technical University in Prague Faculty of electrical engineering Department of cybernetics},
  year =   {2015},
  month =  aug
}

@Article{Vonasek2015high,
  author =  {V. Vonasek and M. Saska and L. Winkler and L. Preucil},
  title =   {High-level motion planning for CPG-driven modular robots},
  journal = {Robotics and Autonomous Systems},
  year =    {2015},
  volume =  {68},
  pages =   {116 - 128},
  file =    {rasmod2015modular.pdf:data/papers/rasmod2015modular.pdf:PDF}
}

@Misc{vrep,
  title = {V-REP},
  month = may,
  year =  {2016},
  url =   {http://www.coppeliarobotics.com/}
}

@Misc{washingtonpost2013,
  author = {Brian Fung},
  title =  {Why drone makers have declared war on the word ‘drone’},
  month =  aug,
  year =   {2013},
  url =    {https://www.washingtonpost.com/news/the-switch/wp/2013/08/16/why-drone-makers-have-declared-war-on-the-word-drone/}
}

@comment{jabref-meta: selector_author:}

@comment{jabref-meta: selector_journal:}

@comment{jabref-meta: selector_keywords:}

@comment{jabref-meta: selector_publisher:}

